@inproceedings{cite1,
author = {Emilia GÃ³mez and Merlijn Blaauw and Jordi Bonada and Pritish Chandna and Helena Cuesta},
year = {2018},
title = {Deep Learning for Singing Processing:
Achievements, Challenges and Impact on Singers and Listeners},
booktitle = {Proceedings of the 35 th International Conference on Machine Learning}
}
@inproceedings{cite2,
author = {Haebichan Jung},
year = {2018},
title = {Making Music: When Simple Probabilities Outperform Deep Learning},
booktitle = {https://towardsdatascience.com/making-music-when-simple-probabilities-outperform-deep-learning-75f4ee1b8e69}
} 
@inproceedings{cite3,
author = {Olof Mogren},
year = {2016},
title = {C-RNN-GAN:
Continuous recurrent neural networks
with adversarial training},
booktitle = {Constructive Machine Learning Workshop (NIPS 2016)}
}
@inproceedings{cite4,
author = {Monali R. Pimpale and Shanthi Therese and Vinayak Shinde},
year = {2016},
title = {A Survey on: Sound Source Separation Methods},
booktitle = {IJCERT}
}
@inproceedings{cite5,
author = {Aaron van den Oord and Nal Kalchbrenner and Koray Kavukcuoglu,},
year = {2016},
title = {Pixel Recurrent Neural Networks},
booktitle = {Proceedings of the 33 rd International Conference on Machine Learning}
}
@inproceedings{cite6,
author = {Jesse Engel and Kumar Krishna Agrawal and Shuo Chen and Ishaan Gulrajani and Chris Donahue and Adam Roberts},
year = {2018},
title = {GANSynth: Adversarial Neural Audio Synthesis},
booktitle = {ICLR 2019}
}
@inproceedings{cite7,
author = {Aaron van den Oord and Sander Dieleman and Heiga Zen},
year = {2016},
title = {WAVENET: A GENERATIVE MODEL FOR RAW AUDIO},
booktitle = {https://www.deepmind.com/blog/wavenet-generative-model-raw-audio/}
}