@inproceedings{cite1,
author = {Emilia GÃ³mez, Merlijn Blaauw, Jordi Bonada, Pritish Chandna, Helena Cuesta},
year = {2018},
title = {Deep Learning for Singing Processing:
Achievements, Challenges and Impact on Singers and Listeners},
booktitle = {Proceedings of the 35 th International Conference on Machine Learning}
}

@inproceedings{cite2,
author = {Haebichan Jung},
year = {2018},
title = {Making Music: When Simple Probabilities Outperform Deep Learning},
booktitle = {https://towardsdatascience.com/making-music-when-simple-probabilities-outperform-deep-learning-75f4ee1b8e69}
} 

@inproceedings{cohen2015dimensionality,
  title={Dimensionality reduction for k-means clustering and low rank approximation},
  author={Cohen, Michael B and Elder, Sam and Musco, Cameron and Musco, Christopher and Persu, Madalina},
  booktitle={Proceedings of the forty-seventh annual ACM symposium on Theory of computing},
  pages={163--172},
  year={2015},
  organization={ACM}
}

@article{drineas2004clustering,
  title={Clustering large graphs via the singular value decomposition},
  author={Drineas, Petros and Frieze, Alan and Kannan, Ravi and Vempala, Santosh and Vinay, V},
  journal={Machine learning},
  volume={56},
  number={1-3},
  pages={9--33},
  year={2004},
  publisher={Springer}
}
